<record><leader>00000cas a22000007a 4500</leader><controlfield tag="001">25738362</controlfield><controlfield tag="008">920430d185u18uuncuwr ne      0    0eng d</controlfield><datafield ind1=" " ind2=" " tag="010"><subfield code="a">sn 92073034 </subfield></datafield><datafield ind1=" " ind2=" " tag="040"><subfield code="a">NVJ</subfield><subfield code="b">eng</subfield><subfield code="c">NVJ</subfield><subfield code="d">OCLCQ</subfield></datafield><datafield ind1=" " ind2=" " tag="042"><subfield code="a">msc</subfield></datafield><datafield ind1="0" ind2="0" tag="245"><subfield code="a">Beaufort halcyon.</subfield></datafield><datafield ind1=" " ind2=" " tag="260"><subfield code="a">Beaufort, N.C. :</subfield><subfield code="b">S.D. Pool</subfield></datafield><datafield ind1=" " ind2=" " tag="300"><subfield code="a">v.</subfield></datafield><datafield ind1=" " ind2=" " tag="310"><subfield code="a">Weekly</subfield></datafield><datafield ind1=" " ind2=" " tag="588"><subfield code="a">Description based on: Vol. 1, no. 27 (Mar. 31, 1855).</subfield></datafield><datafield ind1=" " ind2=" " tag="752"><subfield code="a">United States</subfield><subfield code="b">North Carolina</subfield><subfield code="c">Carteret</subfield><subfield code="d">Beaufort.</subfield></datafield><datafield ind1="0" ind2="0" tag="780"><subfield code="t">Halcyon and Beaufort intelligencer</subfield><subfield code="w">(DLC)sn 92073033</subfield></datafield></record>